% This file was created with JabRef 2.10b2.
% Encoding: UTF8


@Book{Kline,
  Title                    = {古今数学思想},
  Author                   = {克莱因},
  Publisher                = {上海科学技术出版社},
  Year                     = {2002}
}

@Article{quanjing,
  Title                    = {商高、赵爽与刘徽关于勾股定理的证明},
  Author                   = {曲安京},
  Journal                  = {数学传播},
  Year                     = {1998},
  Number                   = {3},
  Volume                   = {20},
}

@Book{Shiye,
  Title                    = {几何的有名定理},
  Author                   = {矢野健太郎},
  Publisher                = {上海科学技术出版社},
  Year                     = {1986},
}

